@inproceedings{chen_randomized_2022,
  title = {Randomized {{Ensembled Double Q-Learning}}: {{Learning Fast Without}} a {{Model}}},
  shorttitle = {Randomized {{Ensembled Double Q-Learning}}},
  booktitle = {International {{Conference}} on {{Learning Representations}}},
  author = {Chen, Xinyue and Wang, Che and Zhou, Zijian and Ross, Keith W.},
  year = {2022},
  month = feb,
  langid = {english}
}

@misc{brockman_openai_2016,
  title = {{{OpenAI Gym}}},
  author = {Brockman, Greg and Cheung, Vicki and Pettersson, Ludwig and Schneider, Jonas and Schulman, John and Tang, Jie and Zaremba, Wojciech},
  year = {2016},
  month = jun,
  number = {arXiv:1606.01540},
  eprint = {1606.01540},
  eprinttype = {arxiv},
  primaryclass = {cs},
  publisher = {{arXiv}},
  doi = {10.48550/arXiv.1606.01540},
  archiveprefix = {arXiv},
  keywords = {Computer Science - Artificial Intelligence,Computer Science - Machine Learning}
}

@inproceedings{todorov_mujoco_2012,
  title = {{{MuJoCo}}: {{A}} Physics Engine for Model-Based Control},
  shorttitle = {{{MuJoCo}}},
  booktitle = {2012 {{IEEE}}/{{RSJ International Conference}} on {{Intelligent Robots}} and {{Systems}}},
  author = {Todorov, Emanuel and Erez, Tom and Tassa, Yuval},
  year = {2012},
  month = oct,
  pages = {5026--5033},
  issn = {2153-0866},
  doi = {10.1109/IROS.2012.6386109},
  keywords = {Computational modeling,Dynamics,Engines,Heuristic algorithms,Mathematical model,Optimization}
}

@inproceedings{janner_when_2019,
  title = {When to {{Trust Your Model}}: {{Model-Based Policy Optimization}}},
  shorttitle = {When to {{Trust Your Model}}},
  booktitle = {Advances in {{Neural Information Processing Systems}}},
  author = {Janner, Michael and Fu, Justin and Zhang, Marvin and Levine, Sergey},
  year = {2019},
  volume = {32},
  publisher = {{Curran Associates, Inc.}}
}

@inproceedings{haarnoja_soft_2018,
  title = {Soft {{Actor-Critic}}: {{Off-Policy Maximum Entropy Deep Reinforcement Learning}} with a {{Stochastic Actor}}},
  shorttitle = {Soft {{Actor-Critic}}},
  booktitle = {Proceedings of the 35th {{International Conference}} on {{Machine Learning}}},
  author = {Haarnoja, Tuomas and Zhou, Aurick and Abbeel, Pieter and Levine, Sergey},
  year = {2018},
  month = jul,
  pages = {1861--1870},
  publisher = {{PMLR}},
  issn = {2640-3498},
  langid = {english}
}

@inproceedings{henderson_deep_2018,
  title = {Deep Reinforcement Learning That Matters},
  booktitle = {Proceedings of the {{Thirty-Second AAAI Conference}} on {{Artificial Intelligence}} and {{Thirtieth Innovative Applications}} of {{Artificial Intelligence Conference}} and {{Eighth AAAI Symposium}} on {{Educational Advances}} in {{Artificial Intelligence}}},
  author = {Henderson, Peter and Islam, Riashat and Bachman, Philip and Pineau, Joelle and Precup, Doina and Meger, David},
  year = {2018},
  month = feb,
  series = {{{AAAI}}'18/{{IAAI}}'18/{{EAAI}}'18},
  pages = {3207--3214},
  publisher = {{AAAI Press}},
  address = {{New Orleans, Louisiana, USA}},
  isbn = {978-1-57735-800-8}
}

@inproceedings{ota_can_2020,
  title = {Can {{Increasing Input Dimensionality Improve Deep Reinforcement Learning}}?},
  booktitle = {Proceedings of the 37th {{International Conference}} on {{Machine Learning}}},
  author = {Ota, Kei and Oiki, Tomoaki and Jha, Devesh and Mariyama, Toshisada and Nikovski, Daniel},
  year = {2020},
  month = nov,
  pages = {7424--7433},
  publisher = {{PMLR}},
  issn = {2640-3498},
  langid = {english}
}